@misc{datacampClassificationMachine,
	author = {},
	title = {{C}lassification in {M}achine {L}earning: {A} {G}uide for {B}eginners --- datacamp.com},
	howpublished = {\url{https://www.datacamp.com/blog/classification-machine-learning}},
	year = {},
	note = {[Accessed 12-05-2024]},
}

@article{silva2017optimization,
  title={Optimization approaches to supervised classification},
  author={Silva, A Pedro Duarte},
  journal={European Journal of Operational Research},
  volume={261},
  number={2},
  pages={772--788},
  year={2017},
  publisher={Elsevier}
}

@inproceedings{tumpa2022review,
  title={A review on applications of machine learning in healthcare},
  author={Tumpa, Eteka Sultana and Dey, Krishno},
  booktitle={2022 6th International Conference on Trends in Electronics and Informatics (ICOEI)},
  pages={1388--1392},
  year={2022},
  organization={IEEE}
}